@inproceedings{lu_accelerating_2014,
  title = {Accelerating {Spark} with {RDMA} for {Big} {Data} {Processing}: {Early} {Experiences}},
  isbn = {978-1-4799-5860-3},
  shorttitle = {Accelerating {Spark} with {RDMA} for {Big} {Data} {Processing}},
  url = {http://ieeexplore.ieee.org/document/6925713/},
  doi = {10.1109/HOTI.2014.15},
  urldate = {2017-10-13},
  publisher = {IEEE},
  author = {Lu, Xiaoyi and Rahman, Md. Wasi Ur and Islam, Nusrat and Shankar, Dipti and Panda, Dhabaleswar K.},
  month = aug,
  year = {2014},
  pages = {9--16},
  file = {Accelerating spark with RDMA for big data processing, Early experiences.pdf:/home/mbc/Dropbox/Mario/Escuela/MCC/Sistemas_Operativos_Avanzados/survey/papers/Accelerating spark with RDMA for big data processing, Early experiences.pdf:application/pdf}
}

@article{zaharia_apache_2016,
  title = {Apache {Spark}: a unified engine for big data processing},
  volume = {59},
  issn = {00010782},
  shorttitle = {Apache {Spark}},
  url = {http://dl.acm.org/citation.cfm?doid=3013530.2934664},
  doi = {10.1145/2934664},
  language = {en},
  number = {11},
  urldate = {2017-10-13},
  journal = {Communications of the ACM},
  author = {Zaharia, Matei and Franklin, Michael J. and Ghodsi, Ali and Gonzalez, Joseph and Shenker, Scott and Stoica, Ion and Xin, Reynold S. and Wendell, Patrick and Das, Tathagata and Armbrust, Michael and Dave, Ankur and Meng, Xiangrui and Rosen, Josh and Venkataraman, Shivaram},
  month = oct,
  year = {2016},
  pages = {56--65},
  file = {Apache Spark, A unified engine for big data processing.pdf:/home/mbc/Dropbox/Mario/Escuela/MCC/Sistemas_Operativos_Avanzados/survey/papers/Apache Spark, A unified engine for big data processing.pdf:application/pdf}
}

@inproceedings{luckow_hadoop_2016,
  title = {Hadoop on {HPC}: integrating {Hadoop} and pilot-based dynamic resource management},
  shorttitle = {Hadoop on {HPC}},
  url = {http://ieeexplore.ieee.org/abstract/document/7530058/},
  urldate = {2017-10-13},
  booktitle = {Parallel and {Distributed} {Processing} {Symposium} {Workshops}, 2016 {IEEE} {International}},
  publisher = {IEEE},
  author = {Luckow, Andre and Paraskevakos, Ioannis and Chantzialexiou, George and Jha, Shantenu},
  year = {2016},
  pages = {1607--1616},
  file = {Hadoop on HPC, Integrating Hadoop and Pilot-based Dynamic Resource Management.pdf:/home/mbc/Dropbox/Mario/Escuela/MCC/Sistemas_Operativos_Avanzados/survey/papers/Hadoop on HPC, Integrating Hadoop and Pilot-based Dynamic Resource Management.pdf:application/pdf}
}

@inproceedings{peilong_li_heterospark:_2015,
  title = {{HeteroSpark}: {A} heterogeneous {CPU}/{GPU} {Spark} platform for machine learning algorithms},
  isbn = {978-1-4673-7891-8},
  shorttitle = {{HeteroSpark}},
  url = {http://ieeexplore.ieee.org/document/7255222/},
  doi = {10.1109/NAS.2015.7255222},
  urldate = {2017-10-13},
  publisher = {IEEE},
  author = {{Peilong Li} and {Yan Luo} and {Ning Zhang} and {Yu Cao}},
  month = aug,
  year = {2015},
  pages = {347--348},
  file = {HeteroSpark, A Heterogeneous CPU-GPU Spark Platform for Machine Learning Algorithms.pdf:/home/mbc/Dropbox/Mario/Escuela/MCC/Sistemas_Operativos_Avanzados/survey/papers/HeteroSpark, A Heterogeneous CPU-GPU Spark Platform for Machine Learning Algorithms.pdf:application/pdf}
}

@inproceedings{lu_high-performance_2013,
  title = {High-{Performance} {Design} of {Hadoop} {RPC} with {RDMA} over {InfiniBand}},
  isbn = {978-0-7695-5117-3},
  url = {http://ieeexplore.ieee.org/document/6687402/},
  doi = {10.1109/ICPP.2013.78},
  urldate = {2017-10-13},
  publisher = {IEEE},
  author = {Lu, Xiaoyi and Islam, Nusrat S. and Wasi-Ur-Rahman, Md. and Jose, Jithin and Subramoni, Hari and Wang, Hao and Panda, Dhabaleswar K.},
  month = oct,
  year = {2013},
  pages = {641--650},
  file = {High-Performance Design of Hadoop RPC with RDMA over InfiniBand.pdf:/home/mbc/Dropbox/Mario/Escuela/MCC/Sistemas_Operativos_Avanzados/survey/papers/High-Performance Design of Hadoop RPC with RDMA over InfiniBand.pdf:application/pdf}
}

@inproceedings{bosagh_zadeh_matrix_2016,
  title = {Matrix {Computations} and {Optimization} in {Apache} {Spark}},
  isbn = {978-1-4503-4232-2},
  url = {http://dl.acm.org/citation.cfm?doid=2939672.2939675},
  doi = {10.1145/2939672.2939675},
  language = {en},
  urldate = {2017-10-13},
  publisher = {ACM Press},
  author = {Bosagh Zadeh, Reza and Meng, Xiangrui and Ulanov, Alexander and Yavuz, Burak and Pu, Li and Venkataraman, Shivaram and Sparks, Evan and Staple, Aaron and Zaharia, Matei},
  year = {2016},
  pages = {31--38},
  file = {Matrix Computations and Optimization in Apache Spark.pdf:/home/mbc/Dropbox/Mario/Escuela/MCC/Sistemas_Operativos_Avanzados/survey/papers/Matrix Computations and Optimization in Apache Spark.pdf:application/pdf}
}

@inproceedings{islam_performance_2015,
  title = {Performance characterization and acceleration of in-memory file systems for {Hadoop} and {Spark} applications on {HPC} clusters},
  url = {http://ieeexplore.ieee.org/abstract/document/7363761/},
  urldate = {2017-10-13},
  booktitle = {Big {Data} ({Big} {Data}), 2015 {IEEE} {International} {Conference} on},
  publisher = {IEEE},
  author = {Islam, Nusrat Sharmin and Wasi-ur-Rahman, Md and Lu, Xiaoyi and Shankar, Dipti and Panda, Dhabaleswar K.},
  year = {2015},
  pages = {243--252},
  file = {Performance characterization and acceleration of in-memory file systems for Hadoop and Spark applications on HPC clusters.pdf:/home/mbc/Dropbox/Mario/Escuela/MCC/Sistemas_Operativos_Avanzados/survey/papers/Performance characterization and acceleration of in-memory file systems for Hadoop and Spark applications on HPC clusters.pdf:application/pdf}
}

@article{luckow_pilot-abstraction:_2015,
  title = {Pilot-{Abstraction}: {A} {Valid} {Abstraction} for {Data}-{Intensive} {Applications} on {HPC}, {Hadoop} and {Cloud} {Infrastructures}?},
  shorttitle = {Pilot-{Abstraction}},
  url = {https://arxiv.org/abs/1501.05041},
  urldate = {2017-10-13},
  journal = {arXiv preprint arXiv:1501.05041},
  author = {Luckow, Andre and Mantha, Pradeep and Jha, Shantenu},
  year = {2015},
  file = {Pilot-Abstraction, A Valid Abstraction for Data-Intensive Applications on HPC, Hadoop and Cloud Infrastructures.pdf:/home/mbc/Dropbox/Mario/Escuela/MCC/Sistemas_Operativos_Avanzados/survey/papers/Pilot-Abstraction, A Valid Abstraction for Data-Intensive Applications on HPC, Hadoop and Cloud Infrastructures.pdf:application/pdf}
}

@inproceedings{zaharia_resilient_2012,
  title = {Resilient distributed datasets: {A} fault-tolerant abstraction for in-memory cluster computing},
  shorttitle = {Resilient distributed datasets},
  url = {http://dl.acm.org/citation.cfm?id=2228301},
  urldate = {2017-10-13},
  booktitle = {Proceedings of the 9th {USENIX} conference on {Networked} {Systems} {Design} and {Implementation}},
  publisher = {USENIX Association},
  author = {Zaharia, Matei and Chowdhury, Mosharaf and Das, Tathagata and Dave, Ankur and Ma, Justin and McCauley, Murphy and Franklin, Michael J. and Shenker, Scott and Stoica, Ion},
  year = {2012},
  pages = {2--2},
  file = {Resilient Distributed Datasets, A Fault-Tolerant Abstraction for In-Memory Cluster Computing.pdf:/home/mbc/Dropbox/Mario/Escuela/MCC/Sistemas_Operativos_Avanzados/survey/papers/Resilient Distributed Datasets, A Fault-Tolerant Abstraction for In-Memory Cluster Computing.pdf:application/pdf}
}

@book{alur_db2_2002,
  address = {San Jose, Calif},
  edition = {1st ed},
  series = {{IBM} redbooks},
  title = {{DB}2 {UDB}'s high function business intelligence in e-business},
  isbn = {978-0-7384-2460-6},
  publisher = {IBM Corp},
  editor = {Alur, Nagraj},
  year = {2002},
  keywords = {Business intelligence, Database management, Electronic commerce, IBM Database 2},
  file = {Ricardo, Integrating R and Hadoop.pdf:/home/mbc/Dropbox/Mario/Escuela/MCC/Sistemas_Operativos_Avanzados/survey/papers/Ricardo, Integrating R and Hadoop.pdf:application/pdf}
}

@article{zaharia_spark:_2010,
  title = {Spark: {Cluster} computing with working sets.},
  volume = {10},
  shorttitle = {Spark},
  url = {http://static.usenix.org/legacy/events/hotcloud10/tech/full_papers/Zaharia.pdf},
  number = {10-10},
  urldate = {2017-10-13},
  journal = {HotCloud},
  author = {Zaharia, Matei and Chowdhury, Mosharaf and Franklin, Michael J. and Shenker, Scott and Stoica, Ion},
  year = {2010},
  pages = {95},
  file = {Spark, Cluster Computing with Working Sets.pdf:/home/mbc/Dropbox/Mario/Escuela/MCC/Sistemas_Operativos_Avanzados/survey/papers/Spark, Cluster Computing with Working Sets.pdf:application/pdf}
}

@inproceedings{armbrust_spark_2015,
  title = {Spark {SQL}: {Relational} {Data} {Processing} in {Spark}},
  isbn = {978-1-4503-2758-9},
  shorttitle = {Spark {SQL}},
  url = {http://dl.acm.org/citation.cfm?doid=2723372.2742797},
  doi = {10.1145/2723372.2742797},
  language = {en},
  urldate = {2017-10-13},
  publisher = {ACM Press},
  author = {Armbrust, Michael and Ghodsi, Ali and Zaharia, Matei and Xin, Reynold S. and Lian, Cheng and Huai, Yin and Liu, Davies and Bradley, Joseph K. and Meng, Xiangrui and Kaftan, Tomer and Franklin, Michael J.},
  year = {2015},
  pages = {1383--1394},
  file = {Spark sql, Relational data processing in spark.pdf:/home/mbc/Dropbox/Mario/Escuela/MCC/Sistemas_Operativos_Avanzados/survey/papers/Spark sql, Relational data processing in spark.pdf:application/pdf}
}

@inproceedings{shvachko_hadoop_2010,
  title = {The hadoop distributed file system},
  url = {http://ieeexplore.ieee.org/abstract/document/5496972/},
  urldate = {2017-10-13},
  booktitle = {Mass storage systems and technologies ({MSST}), 2010 {IEEE} 26th symposium on},
  publisher = {IEEE},
  author = {Shvachko, Konstantin and Kuang, Hairong and Radia, Sanjay and Chansler, Robert},
  year = {2010},
  pages = {1--10},
  file = {The hadoop distributed file system.pdf:/home/mbc/Dropbox/Mario/Escuela/MCC/Sistemas_Operativos_Avanzados/survey/papers/The hadoop distributed file system.pdf:application/pdf}
}

@inproceedings{wang_understanding_2016,
  title = {Understanding the {Behavior} of {Spark} {Workloads} from {Linux} {Kernel} {Parameters} {Perspective}},
  isbn = {978-1-4503-4666-5},
  url = {http://dl.acm.org/citation.cfm?doid=3007592.3007593},
  doi = {10.1145/3007592.3007593},
  language = {en},
  urldate = {2017-10-13},
  publisher = {ACM Press},
  author = {Wang, Li and Xu, Tianni and Wang, Jing and Zhang, Weigong and Sui, Xiufeng and Bao, Yungang},
  year = {2016},
  pages = {1--2},
  file = {Understanding the Behavior of Spark Workloads from Linux Kernel Parameters Perspective.pdf:/home/mbc/Dropbox/Mario/Escuela/MCC/Sistemas_Operativos_Avanzados/survey/papers/Understanding the Behavior of Spark Workloads from Linux Kernel Parameters Perspective.pdf:application/pdf}
}

@article{davidson_optimizing_2013,
  title = {Optimizing shuffle performance in spark},
  journal = {University of California, Berkeley-Department of Electrical Engineering and Computer Sciences, Tech. Rep},
  author = {Davidson, Aaron and Or, Andrew},
  year = {2013},
  file = {Optimizing Shuffle Performance in Spark.pdf:/home/mbc/Dropbox/Mario/Escuela/MCC/Sistemas_Operativos_Avanzados/survey/papers/Optimizing Shuffle Performance in Spark.pdf:application/pdf}
}